% REFERENCES
% =====================================================
@article{Chen2014,
    author  = {Cha'o-Kuang Chen and Bo-Shiuan Chen and Chin-Chia Liu},
    title   = {Heat transfer and entropy generation in fully-developed mixed convection nanofluid flow in vertical channel},
    journal = {Elsevier},
    year    = {2014}
    }
    
@book{Cengel2015,
    author = {Yunus A. Cengel and Afshin J. Ghajar},
    title  = {Heat and Mass Transfer: Fundamentals and Applications},
    publisher = {McGraw-Hill Education},
    year = {2015},
    edition = {5th Edition}
    }